<record><leader>00000cas a2200000 a 4500</leader><controlfield tag="001">36952783</controlfield><controlfield tag="008">970522d19972006nduwr ne      0    0eng c</controlfield><datafield ind1=" " ind2=" " tag="010"><subfield code="a">sn 97058195 </subfield></datafield><datafield ind1=" " ind2=" " tag="040"><subfield code="a">NOP</subfield><subfield code="b">eng</subfield><subfield code="c">NOP</subfield><subfield code="d">DLC</subfield><subfield code="d">OCL</subfield><subfield code="d">OCLCQ</subfield><subfield code="d">HND</subfield><subfield code="d">OCLCQ</subfield><subfield code="d">OCLCF</subfield><subfield code="d">OCLCO</subfield></datafield><datafield ind1="1" ind2=" " tag="029"><subfield code="a">AU@</subfield><subfield code="b">000013282994</subfield></datafield><datafield ind1=" " ind2=" " tag="042"><subfield code="a">pcc</subfield></datafield><datafield ind1=" " ind2=" " tag="043"><subfield code="a">n-us-nd</subfield></datafield><datafield ind1="0" ind2=" " tag="130"><subfield code="a">Leader-tribune (Fordville, N.D. : 1997)</subfield></datafield><datafield ind1="1" ind2="4" tag="245"><subfield code="a">The leader-tribune.</subfield></datafield><datafield ind1=" " ind2=" " tag="260"><subfield code="a">Fordville, ND :</subfield><subfield code="b">Ness Press,</subfield><subfield code="c">1997-2006.</subfield></datafield><datafield ind1=" " ind2=" " tag="300"><subfield code="a">9 v. :</subfield><subfield code="b">ill. ;</subfield><subfield code="c">45 cm.</subfield></datafield><datafield ind1=" " ind2=" " tag="310"><subfield code="a">Weekly</subfield></datafield><datafield ind1="0" ind2=" " tag="362"><subfield code="a">Vol. 76, no. 10 (May 8, 1997)-v. 36, no. 36 (Dec. 27, 2006).</subfield></datafield><datafield ind1=" " ind2=" " tag="500"><subfield code="a">Serves the North Dakota cities of Larimore and Thompson.</subfield></datafield><datafield ind1=" " ind2=" " tag="500"><subfield code="a">Editors: Wendy Stark (Larimore); Deb Schenk (Thompson).</subfield></datafield><datafield ind1=" " ind2=" " tag="530"><subfield code="a">Available on microfilm from the State Historical Society of North Dakota.</subfield></datafield><datafield ind1=" " ind2="0" tag="651"><subfield code="a">Fordville (N.D.)</subfield><subfield code="v">Newspapers.</subfield></datafield><datafield ind1=" " ind2="0" tag="651"><subfield code="a">Larimore (N.D.)</subfield><subfield code="v">Newspapers.</subfield></datafield><datafield ind1=" " ind2="7" tag="655"><subfield code="a">Newspapers.</subfield><subfield code="2">fast</subfield><subfield code="0">(OCoLC)fst01423814</subfield></datafield><datafield ind1=" " ind2="7" tag="651"><subfield code="a">North Dakota</subfield><subfield code="z">Fordville.</subfield><subfield code="2">fast</subfield><subfield code="0">(OCoLC)fst01279794</subfield></datafield><datafield ind1=" " ind2="7" tag="651"><subfield code="a">North Dakota</subfield><subfield code="z">Larimore.</subfield><subfield code="2">fast</subfield><subfield code="0">(OCoLC)fst01237871</subfield></datafield><datafield ind1=" " ind2=" " tag="752"><subfield code="a">United States</subfield><subfield code="b">North Dakota</subfield><subfield code="c">Walsh</subfield><subfield code="d">Fordville.</subfield></datafield><datafield ind1=" " ind2=" " tag="752"><subfield code="a">United States</subfield><subfield code="b">North Dakota</subfield><subfield code="c">Grand Forks</subfield><subfield code="d">Larimore.</subfield></datafield><datafield ind1=" " ind2=" " tag="752"><subfield code="a">United States</subfield><subfield code="b">North Dakota</subfield><subfield code="c">Grand Forks</subfield><subfield code="d">Thompson.</subfield></datafield><datafield ind1="0" ind2="0" tag="780"><subfield code="t">Larimore leader (Larimore, N.D. : 1974)</subfield><subfield code="w">(DLC)sn 88076566</subfield><subfield code="w">(OCoLC)20696752</subfield></datafield><datafield ind1="0" ind2="0" tag="785"><subfield code="t">Larimore leader-tribune (Fordville, N.D. : 2007)</subfield><subfield code="w">(OCoLC)793347471</subfield></datafield></record>